1966 3032
391 275 526 318 tudine
555 272 728 317 affiiones
747 304 759 326 ,
791 273 996 328 motusque
1025 274 1110 316 suos
1141 274 1209 316 nisi
1246 288 1295 317 ex
1331 274 1394 317 illa
1428 274 1691 332 componebat
1718 305 1731 329 ‚
1761 289 1807 318 ac

389 345 510 390 prout
530 333 593 375 illa
623 335 685 376 vel
711 333 832 374 stabat
850 365 864 386 ‚
900 337 965 375 vel
992 335 1227 375 movebatur
1252 348 1323 376 nec
1354 333 1471 376 nostu
1490 366 1503 386 ,
1536 349 1606 376 nec
1644 334 1711 375 diu
1750 335 1808 375 ul-

390 394 475 434 lum
513 393 614 434 tanti
647 392 841 433 momenti
869 391 1202 447 impedimentum
1240 394 1311 434 effe
1340 406 1520 448 poterat,
1556 408 1635 448 quo
1671 393 1806 434 minus

391 453 431 497 8<
461 452 529 506 ipsi
555 452 657 492 illico
690 452 753 491 vel
781 450 1053 504 consisterent,
1084 452 1146 492 vel
1175 451 1445 494 ambularent.
1481 451 1744 495 Intendebant
1765 451 1807 491 in

391 524 482 552 eam
502 524 638 550 omnes
657 510 860 551 oculorum
879 510 1003 550 aciem
1016 541 1028 563 ,
1047 523 1214 564 eamque
1234 511 1458 553 Sacerdotes
1477 513 1638 566 Populo,
1659 521 1803 551 matres

388 569 510 620 filiis,
541 569 690 610 amicus
709 569 842 610 amico
875 567 1000 623 digito
1034 568 1383 623 demonstrabant,
1421 584 1490 611 nec
1527 569 1733 623 quisquam
1755 581 1808 608 ex

390 625 516 668 eleffio
552 628 619 669 illo
654 628 801 682 Populo
839 628 901 667 vel
937 626 1181 668 dextrorsum
1221 643 1243 669 a
1272 629 1420 684 signato
1459 629 1598 669 itinere
1635 625 1810 668 deflexis-

395 685 453 727 set
483 716 500 752 ’.
540 687 602 727 vel
642 686 891 727 sinistrorsum
919 716 935 751 .’
981 687 1077 739 quin
1114 688 1296 728 omnibus
1301 662 1546 742 c’persuasum
1586 687 1676 727 esset
1714 698 1808 726 eum

395 745 564 800 turpiter
596 744 826 796 allucinari,
855 745 954 785 &in
985 744 1183 800 propriam
1215 746 1427 801 perniciem
1462 757 1705 800 properare.
1734 747 1809 786 Ec·

392 803 488 857 quid
524 803 628 845 aliud
666 803 713 843 de
747 806 784 845 S.
803 801 908 844 Petri
944 802 1140 844 Cathedra
1171 804 1323 859 semper
1351 804 1520 846 Ecclesia
1548 803 1659 844 sensit
1685 833 1697 855 ,
1736 813 1807 843 aut

393 865 459 906 SS.
480 865 609 903 Patres
646 861 839 904 Fidelibus
867 860 1109 902 tradiderunt
1130 893 1143 915 ,
1178 863 1247 903 nisi
1282 862 1330 902 de
1365 860 1578 901 eleaorum
1608 874 1774 901 numero
1796 890 1810 912 ,

394 922 499 962 inter
535 921 711 962 Ecclefiae
745 920 948 971 membra,
980 922 1018 961 8<
1051 934 1140 962 cum
1173 920 1327 962 Christo
1359 921 1431 961 effe
1464 934 1540 960 non
1573 919 1674 974 posse
1694 949 1706 970 ,
1739 919 1809 971 qui

395 979 497 1019 hanc
520 979 586 1019 fibi
607 992 675 1033 pro
694 979 790 1018 duce
810 992 886 1018 non
907 977 1157 1019 constitueret
1177 1010 1190 1032 ‚
1221 992 1390 1032 eamque
1411 992 1532 1020 unam
1554 977 1734 1018 veritatis
1755 978 1808 1017 se-

396 1035 485 1077 dem
518 1067 530 1089 ‚
563 1039 601 1078 8<
642 1036 804 1077 unitatis
844 1046 961 1090 caput
994 1035 1032 1075 in
1065 1036 1160 1077 Fide
1188 1067 1201 1089 ,
1242 1039 1279 1078 δε
1323 1037 1363 1077 in
1406 1037 1578 1077 moribus
1619 1036 1811 1077 costanter

397 1107 546 1136 teneret
567 1125 579 1147 ,
614 1096 651 1135 &
671 1090 1006 1150 amplesteretur?
1038 1096 1145 1135 Nam
1166 1126 1178 1147 ‚
1213 1107 1257 1136 ut
1287 1094 1417 1148 ajebat
1448 1097 1488 1136 S.
1506 1095 1754 1149 Cyprianus,
1786 1107 1811 1134 a.

395 1167 490 1193 vero
524 1153 672 1206 prorsus
705 1152 850 1205 judicio
880 1152 1035 1193 aberrat
1059 1183 1071 1205 ‚
1104 1165 1224 1206 atque
1256 1153 1293 1194 se
1326 1153 1449 1208 ipsum
1485 1153 1599 1208 plane
1630 1152 1809 1207 decipit,

392 1211 462 1264 qui
494 1211 733 1251 Cathedram
766 1210 902 1262 Petri,
934 1209 1045 1262 supra
1078 1224 1198 1263 quam
1232 1210 1394 1252 fundata
1426 1210 1479 1251 est
1511 1212 1680 1252 Ecclesia
1700 1241 1713 1262 ,
1744 1209 1812 1250 de·

397 1268 520 1321 serit,
554 1270 591 1309 8<
633 1268 671 1308 in
705 1268 874 1310 Ecclesia
908 1267 978 1308 effe
1010 1268 1170 1309 confidit
1204 1266 1268 1323 (1)
1297 1300 1310 1321 ‚
1344 1283 1433 1309 nam
1478 1269 1542 1308 ubi
1574 1273 1708 1309 Petrus
1753 1267 1809 1308 ibi

395 1327 567 1371 Ecclesia
586 1325 639 1366 est
659 1324 744 1382 (2),
765 1326 820 1367 ita
840 1340 908 1366 nos
926 1326 1089 1380 docente
1109 1328 1387 1370 S.Ambrofi0.
1407 1328 1609 1368 Maximus
1636 1327 1711 1381 ipse
1730 1329 1812 1368 Ec-

395 1386 514 1426 clefiae
534 1384 682 1426 Docior
701 1385 971 1440 Hieronymus
1004 1385 1039 1424 se
1070 1387 1194 1427 latere
1224 1386 1460 1428 asseverabat
1480 1416 1493 1438 ,
1525 1399 1643 1439 quam
1673 1385 1809 1426 sanam

394 1442 612 1485 dofflrinam
634 1443 858 1497 sequeretur
878 1475 890 1495 ,
921 1457 1121 1496 quamque
1154 1456 1284 1485 tutam
1318 1445 1452 1486 salutis
1486 1444 1593 1484 viam
1628 1454 1810 1495 teneret,

396 1503 467 1544 nifi
487 1501 644 1555 hujusce
664 1502 871 1542 Cathedrae
891 1502 975 1542 luce
993 1502 1243 1543 confirmatus
1265 1504 1364 1544 hanc
1386 1502 1508 1556 ipsam
1542 1502 1772 1555 magistram
1787 1530 1800 1552 ,

399 1564 438 1603 ὅ(
459 1560 596 1601 ducem
610 1560 773 1601 haberet
792 1575 801 1600 :
832 1563 880 1601 In
902 1571 978 1600 tres
991 1572 1118 1614 partes
1139 1562 1239 1602 scissa
1260 1561 1434 1603 Ecclesia
1464 1560 1510 1600 ad
1534 1560 1568 1600 se
1588 1573 1721 1614 rapere
1745 1572 1810 1599 me

399 1619 585 1661 festinat:
620 1632 692 1674 ego
724 1619 882 1659 interim
915 1619 1076 1659 clamito
1109 1634 1118 1660 :
1158 1620 1197 1662 Si
1230 1621 1315 1673 quis
1347 1618 1553 1660 Cathedrae
1588 1618 1691 1658 Petri
1726 1618 1810 1669 jun-

400 1678 537 1735 gitur,
572 1692 679 1721 meus
712 1677 763 1718 est
795 1674 892 1731 (3):
929 1679 1015 1731 Ego
1047 1678 1197 1718 nullum
1232 1679 1406 1733 primurn
1439 1677 1506 1717 nifi
1537 1675 1735 1717 Christum
1758 1675 1809 1716 se·

401 1750 523 1792 quens
551 1737 758 1778 Cathedrae
793 1735 897 1777 Petri
928 1736 1205 1777 communione
1239 1736 1438 1777 consocior
1470 1733 1563 1787 <.4)
1596 1737 1691 1776 Haec
1725 1746 1810 1774 tan·

401 1795 492 1838 dem
528 1795 581 1836 est
613 1795 676 1836 illa
707 1794 904 1836 Cathedra
934 1824 947 1847 ,
989 1794 1066 1834 sme
1098 1809 1173 1848 qua
1207 1796 1312 1836 nulla
1346 1794 1514 1837 Ecclesia
1543 1825 1554 1846 ,
1588 1794 1712 1834 nullus
1748 1792 1810 1833 Fi-

401 1855 550 1901 delium
579 1866 695 1894 caetus
728 1854 863 1908 procul
893 1853 942 1893 ab
973 1866 1099 1893 errore
1120 1885 1132 1907 ,
1166 1856 1203 1896 8<
1236 1869 1258 1895 a
1296 1853 1521 1909 perditionis
1558 1851 1620 1891 via
1648 1851 1718 1891 effe
1741 1864 1809 1905 po·

403 1913 504 1965 test3
539 1913 585 1953 ad
616 1914 717 1954 hanc
745 1913 850 1952 enim
869 1943 881 1966 ‚
911 1912 1039 1964 inquit
1076 1915 1112 1954 S.
1144 1917 1302 1955 Ireneus
1341 1943 1353 1963 ‚
1393 1911 1536 1953 necesse
1566 1909 1617 1950 est
1645 1922 1809 1948 omnem

402 1972 613 2012 convenire
650 1971 863 2014 Ecclesiam
900 2000 913 2024 ,
956 1970 1046 2023 hoc<
1068 1971 1120 2011 est
1165 1986 1228 2012 eos
1257 2002 1270 2025 ,
1305 1972 1374 2025 qui
1412 1970 1499 2011 sunt
1536 1967 1705 2021 undique
1741 1967 1811 2008 Fi-

403 2030 504 2071 deles
523 2028 586 2084 (5)
604 2060 614 2072 .

523 2088 694 2129 Candida
715 2089 781 2130 lux
811 2088 874 2129 illa
902 2101 924 2129 a
950 2089 1067 2130 Nube
1096 2088 1228 2130 diffusa
1258 2088 1446 2131 Hebraeos
1475 2087 1537 2128 vel
1560 2084 1607 2126 ad
1628 2097 1808 2138 moram,

408 2146 470 2187 vel
496 2146 541 2185 ad
565 2150 637 2187 iter
664 2149 774 2188 unice
805 2159 957 2202 poterat
985 2148 1278 2189 determinare:
1308 2149 1388 2189 haec
1423 2147 1567 2201 pariter
1586 2143 1808 2194 cathedra,

407 2214 451 2245 ut
470 2215 622 2245 caeteras
642 2206 861 2259 rejiciamus
879 2236 893 2261 ,
925 2221 1000 2250 una
1019 2221 1109 2249 vera
1129 2208 1407 2250 miraculorum
1426 2207 1510 2246 luce
1530 2202 1656 2252 enitet
1670 2232 1683 2254 ‚
1718 2215 1803 2254 quae

1695 2272 1808 2302 tanta

452 2367 502 2409 (ι)
523 2368 572 2401 De
595 2369 687 2402 unit.
713 2369 833 2403 Eccles.
1190 2366 1239 2406 (4)
1262 2363 1359 2406 Epist
1367 2373 1416 2406 15

451 2414 500 2452 (2)
525 2413 560 2444 In
582 2413 712 2446 Psal.10.
732 2424 820 2456 n.30.
1191 2411 1241 2452 (5)
1265 2408 1333 2442 Lib.
1337 2420 1367 2449 3.
1389 2414 1478 2441 conr.
1501 2404 1616 2440 Haeres.
1637 2414 1700 2446 c·-3

453 2456 501 2500 (3)
524 2456 663 2500 Epistola
688 2460 736 2489 16.
