1966 3032
746 139 934 198 (xi.)

128 228 241 261 tanta
277 216 331 258 est
367 222 380 269 ,'
414 225 458 257 ut
494 214 589 271 ipsas
626 212 852 256 Infidelium
894 212 1070 255 tenebras
1111 244 1123 265 ‚
1163 213 1232 254 nisi
1267 212 1335 254 fibi
1370 215 1549 258 consulto

130 278 260 319 oculos
278 274 527 317 occluderent
545 304 559 325 ‚
586 272 817 315 illustraret.
847 271 980 314 Noetu
1001 273 1105 314 haud
1127 273 1242 313 aliter
1259 302 1272 324 ,
1302 286 1424 325 quam
1446 275 1550 328 ignei

127 337 230 378 illius
261 333 366 390 globi
399 331 601 386 splendore
633 332 789 387 fingulae
827 332 863 372 se
889 332 1036 374 Tribus
1074 330 1382 374 moderabantur
1411 360 1421 372 .
1463 336 1551 374 Hoc

128 394 235 436 idem
263 396 457 435 Romanae
486 390 694 433 Cathedrae
726 392 916 446 fingulare
952 391 1004 432 est
1033 391 1284 447 privilegium
1308 421 1319 441 ,
1353 402 1395 431 ut
1427 391 1551 431 tribus

128 452 234 495 hisce
260 451 424 507 propriis
452 451 659 502 Unitatis‚
690 450 974 492 Miraculorum
997 482 1011 504 ,
1041 452 1079 492 8<
1103 447 1329 494 Sanctitatis
1351 448 1553 490 characte-

128 512 234 554 ribus
252 508 430 551 distinfita
448 521 582 551 tutam
605 507 800 551 Fidelibus
824 509 930 550 viam
953 540 966 561 ‚
1004 523 1123 563 quam
1152 510 1365 562 sequantur
1387 540 1398 561 ‚
1428 509 1556 549 osten-

130 570 230 622 dat,
265 583 335 610 nec
363 570 413 610 ab
441 583 486 610 ea
521 566 727 610 defleaere
758 567 963 622 quisquam
995 569 1107 623 possit
1127 600 1139 621 ‚
1176 568 1271 623 quin
1305 568 1378 608 hoc
1413 567 1493 622 ipso
1530 579 1556 607 a.

129 643 232 671 verae
262 628 441 670 Ecclesiae
480 641 640 684 corpore
681 626 702 669 ὲ
737 627 899 683 vestigio
933 627 1179 668 abscindatur
1209 643 1217 667 ς
1267 629 1424 680 Negare
1456 657 1468 679 ‚
1507 626 1557 667 sic

130 692 169 732 S.
195 691 369 744 Optatus
403 686 665 729 adversarium
695 687 807 728 suum
840 686 1030 741 urgebat,
1075 701 1149 728 non
1180 697 1290 742 potes
1326 686 1420 726 scire
1449 697 1487 726 te
1517 686 1558 726 in

131 747 244 791 Urbe
275 750 405 789 Roma
436 750 556 789 Petro
588 746 718 802 primo
749 746 988 787 Cathedram
1023 746 1295 801 Episcopalem
1334 745 1406 785 esse
1443 745 1559 785 colla-

133 818 219 848 tam
239 837 252 859 ,
287 806 326 846 in
363 820 441 860 qua
479 806 617 847 sederit
653 805 834 846 omnium
854 805 1130 860 Apostolorum
1161 817 1279 859 caput
1302 835 1314 856 ‚
1348 816 1398 844 ne
1426 803 1557 844 caeteri

136 865 314 921 Apostoli
334 865 497 920 singulas
526 865 596 906 fibi
621 864 785 918 quisque
812 863 1064 904 defenderent
1084 894 1098 916 ‚
1138 876 1181 904 ut
1213 865 1293 918 jam
1331 862 1560 904 Schismati-

134 938 232 976 cus,
265 925 303 964 8<
335 937 516 978 peccator
543 925 635 965 esset
653 953 667 976 ,
698 923 767 977 qui
795 935 931 963 contra
965 923 1199 977 singularem
1230 921 1474 963 cathedram
1502 921 1556 961 al-

134 993 263 1023 teram
281 982 489 1023 collocaret
511 979 574 1037 (1)
595 1011 605 1022 .

253 1041 390 1096 Populi
425 1041 483 1081 fui
521 1040 702 1082 felicitati
740 1040 975 1096 prospiciens
1004 1044 1110 1082 Deus
1150 1054 1229 1082 non
1276 1039 1382 1080 viam
1428 1039 1555 1082 solum

135 1100 286 1155 aperire
319 1099 354 1139 ei
384 1101 580 1141 Columna
611 1099 738 1140 voluit
759 1130 771 1151 ,
807 1114 892 1152 quae
922 1114 1013 1141 ante
1050 1101 1231 1141 omnium
1268 1100 1398 1139 oculos
1418 1099 1558 1139 obver-

136 1159 283 1200 saretur
303 1188 316 1210 ‚
345 1157 406 1198 sed
435 1160 558 1200 etiam
590 1159 671 1214 ipse
699 1159 933 1213 quandoque
963 1160 1002 1200 in
1033 1160 1096 1200 illa
1127 1157 1346 1209 descendit,
1377 1159 1415 1198 8<
1445 1157 1563 1198 scisci-

137 1217 243 1258 tanti
264 1217 410 1271 Populo
432 1217 607 1259 distint'ca
646 1231 740 1257 voce
777 1218 1004 1273 respondit,
1037 1232 1083 1258 ne
1113 1218 1317 1272 postquam
1351 1216 1396 1256 de
1417 1216 1562 1257 itinere

138 1275 321 1318 certiores
340 1274 516 1328 fecisset,
545 1276 628 1317 aliis
658 1276 697 1315 in
727 1275 838 1316 rebus
869 1276 971 1316 haud
1011 1276 1121 1330 parvi
1159 1275 1357 1317 momenti
1378 1275 1563 1316 divinam

140 1335 391 1375 voluntatem
420 1345 668 1390 compertam
704 1347 780 1374 non
811 1335 1030 1375 haberent:
1063 1338 1110 1377 In
1140 1336 1334 1376 Columna
1358 1334 1485 1376 Nubis
1505 1336 1566 1375 lo-

139 1392 334 1446 quebatur
357 1392 406 1432 ad
436 1407 499 1432 eos
528 1391 611 1446 (2):
644 1391 854 1432 Descendit
881 1396 988 1432 Deus
1018 1394 1056 1432 in
1087 1394 1280 1433 Columna
1310 1393 1437 1432 Nubis
1469 1390 1562 1445 (3).

137 1454 203 1493 En
227 1449 393 1504 denique
416 1451 521 1492 istius
540 1449 745 1492 Cathedrae
771 1450 949 1505 apicem,
969 1464 1017 1491 en
1040 1450 1245 1504 augustum
1267 1450 1567 1492 VaticaniOra-

140 1510 275 1551 culum
308 1509 409 1549 mire
438 1509 653 1565 expressum
675 1539 686 1561 ‚
721 1508 826 1563 quod
855 1508 990 1550 divino
1022 1509 1183 1550 afflante
1223 1508 1361 1563 spiritu
1392 1523 1562 1564 pronun-

140 1569 290 1609 ciatum
323 1568 448 1609 nullus
474 1569 527 1610 est
554 1569 594 1609 in
625 1568 733 1611 Orbe
769 1568 905 1620 locus,
940 1568 1045 1609 nulla
1074 1580 1156 1608 tam
1189 1567 1314 1608 dissita
1338 1568 1447 1622 regio
1469 1598 1481 1620 ,
1511 1566 1561 1608 ad

140 1641 263 1680 quam
291 1640 372 1678 *non
413 1627 616 1682 perveniat
643 1657 655 1679 ,
693 1638 927 1680 tantamque
966 1628 1047 1668 vim
1084 1626 1186 1682 apud
1218 1640 1306 1667 earn
1346 1627 1560 1680 obtineat,

140 1697 292 1739 quanta
321 1684 368 1726 ad
400 1685 654 1727 continendos
683 1685 908 1726 Christianae
942 1686 1181 1740 Reipublicae
1211 1686 1328 1727 Cives
1359 1686 1398 1726 in
1432 1685 1527 1727 Fide
1547 1716 1561 1738 ‚
1595 1704 1598 1707 ·

144 1744 332 1799 religione
353 1775 365 1796 ‚
399 1747 437 1786 8<
471 1745 599 1786 officio
632 1743 685 1785 est
715 1745 919 1785 necessaria
940 1775 950 1786 .
987 1749 1082 1786 Haec
1105 1744 1157 1785 est
1178 1745 1268 1797 illa,
1301 1744 1413 1800 super
1442 1758 1563 1798 quarn

142 1805 252 1843 Deus
274 1816 339 1843 ore
363 1804 497 1856 Petri,
525 1803 684 1857 ejusque
706 1804 968 1845 Succefforum
992 1804 1181 1845 sententia
1211 1803 1273 1844 sua
1295 1804 1476 1844 omnibus
1500 1804 1565 1845 Fi-

144 1860 232 1912 dei,
268 1863 304 1901 8<
327 1876 481 1902 morum
503 1862 777 1917 quaestionibus
806 1862 925 1904 finem
946 1863 1143 1918 imponit,
1174 1862 1479 1918 supremumque
1515 1861 1562 1902 de

147 1919 201 1959 eis
232 1919 280 1958 ab
308 1921 417 1960 omni
449 1921 600 1975 prorsus
627 1935 756 1962 errore
784 1922 955 1963 alienum
991 1922 1177 1975 judicium
1208 1922 1464 1976 promulgat3
1495 1924 1565 1961 Pe-

148 1990 230 2018 trus
250 1978 353 2018 enim
378 1979 415 2018 in
438 1979 510 2019 suis
531 1980 809 2022 successoribus
838 1981 950 2023 vivet
972 2012 985 2033 ,
1019 1981 1170 2036 semper
1204 1981 1243 2020 in
1280 1980 1344 2020 sua
1365 1978 1565 2020 Cathedra

148 2037 330 2089 loquetur
348 2066 357 2076 .
387 2036 433 2077 ld
455 2040 585 2077 Patres
610 2039 744 2078 dicunt
771 2069 782 2090 ‚
811 2038 847 2078 id
878 2040 1047 2081 sexcenti
1078 2071 1090 2092 ,
1121 2041 1157 2079 8<
1189 2039 1352 2093 triginta
1381 2037 1567 2094 Episcopi

146 2095 188 2135 in
208 2094 508 2136 chalcedonensi
535 2096 692 2151 Synodo
711 2096 947 2137 confirmant
974 2127 985 2137 .

265 2154 538 2209 Quamobrem
560 2169 684 2209 quum
707 2166 792 2207 tot,
810 2157 847 2195 8<
867 2167 950 2197 tam
977 2154 1397 2211 praeclaraApostolicae
1417 2155 1567 2197 Cathe-

149 2210 224 2252 drae
245 2225 476 2253 ornamenta
508 2216 627 2254 tantis
656 2225 759 2254 retro
798 2212 937 2255 saeculis
967 2214 1004 2254 in
1024 2216 1227 2255 Columnae
1256 2216 1443 2269 Symbolo
1471 2230 1566 2270 prae-

150 2270 363 2313 monstrata
382 2272 455 2313 esse
476 2272 705 2326 videantur,
735 2285 859 2326 eaque
891 2288 969 2314 non
1001 2273 1284 2316 manifestanda
1316 2275 1442 2316 adhuc
1463 2306 1476 2327 ,
1504 2274 1567 2316 sed

1444 2333 1570 2389 perfe-⁸

194 2403 243 2443 (1)
266 2401 368 2446 Lib.7.
398 2402 434 2438 in
452 2403 598 2439 Parmen.
625 2415 688 2448 c.3.
824 2405 872 2446 (ι)
897 2403 1033 2447 Psal.98.
1048 2416 1080 2447 7.
1215 2408 1264 2450 (3)
1286 2406 1479 2441 Numer.12.
1495 2416 1522 2448 3.
