1966 3032
760 146 953 205 (rx.)

148 241 240 269 vera
274 226 345 269 hac
380 225 578 267 Columna
605 254 618 276 ‚
651 225 834 265 Romana
864 222 1010 264 scilicet
1042 223 1078 263 S.
1104 221 1210 262 Petri
1243 219 1439 263 cathedra
1482 222 1563 265 dici

141 285 268 340 potest
284 316 296 337 ,
328 297 449 337 quam
470 282 595 325 veluti
625 281 673 323 ad
708 282 816 323 viam
850 281 1032 322 omnibus
1053 279 1227 321 fidelibus
1247 280 1525 322 ostendendam
1545 314 1558 335 ,

142 346 211 397 qui
245 357 312 399 per
343 353 476 383 totum
509 354 704 383 terrarum
737 341 892 384 Orbem
924 339 1049 381 diffufi
1082 339 1297 381 Ecclesiam
1329 338 1435 379 suam
1466 353 1567 380 con-

141 403 377 451 stitueretur,
411 401 449 441 in
483 401 555 441 hac
587 400 833 442 celeberrimi
867 399 1024 454 imperii
1056 410 1142 438 arce
1176 401 1265 438 Deo
1299 398 1448 453 placuit
1482 400 1561 438 col·

141 461 298 502 locare.
333 459 444 515 Quid
476 472 613 500 autem
654 459 701 499 de
744 459 827 512 ejus
873 458 1064 499 firmitate
1107 456 1271 497 referam
1306 487 1318 508 ,
1351 470 1438 510 quae
1481 456 1565 507 jam

141 533 244 560 nunc
278 517 391 573 supra
423 518 559 559 decem
593 517 736 559 abhinc
774 548 786 569 ,
823 519 860 558 8<
895 516 1046 572 septem
1079 515 1220 556 saeculis
1258 515 1433 555 constans
1466 513 1567 554 sem-

144 592 242 633 per,
273 588 393 630 atque
425 577 608 618 illustrior
640 576 859 631 perseverat
887 573 900 615 ?
937 576 1165 616 Inferorum
1198 573 1358 627 quidem
1394 574 1565 614 Potesta-

142 637 247 676 tibus
270 635 500 676 succubuere
521 636 654 690 passim
673 635 755 676 aliae
779 634 985 676 Cathedrae
1009 666 1021 687 ‚
1054 647 1141 688 quae
1174 633 1268 674 alibi
1295 632 1454 672 fuerant
1479 644 1567 673 tum

151 694 438 750 Hyerosolimis
466 725 478 746 ,
512 705 598 735 tum
623 693 867 736 Alexandriae
888 725 900 746 ,
934 705 1019 734 tum
1055 693 1200 748 Ephesi
1224 723 1237 745 ,
1271 690 1430 745 aliisque
1452 691 1489 731 in
1511 695 1570 734 lo-

141 753 194 794 cis
225 752 274 793 ab
305 752 501 807 Apostolis
533 752 750 794 constitutae
779 784 792 805 ,
824 764 911 794 tum
944 753 1112 806 <lenique
1147 753 1273 792 etiam
1309 750 1506 791 Antioche
1521 751 1571 792 na

143 812 209 853 illa
240 842 253 864 ,
285 824 370 865 quae
403 811 571 853 eundem
606 811 882 866 Apostolorum
916 811 1135 865 Principem
1185 812 1237 851 ibi
1283 820 1567 865 peragrantem

149 881 314 911 noverat
345 868 546 911 auctorem
567 902 579 923 ,
611 871 660 910 ab
693 870 899 925 impietate
932 869 1107 910 subversa
1138 870 1193 910 est
1217 885 1229 923 ;
1256 868 1320 910 sed
1355 868 1483 908 omnis
1509 869 1570 908 di-

145 929 245 969 vinae
265 929 562 982 omnipotentia:
589 929 646 968 vis
678 928 755 969 illic
774 928 811 968 se
829 939 1078 968 converterat
1101 958 1113 979 ‚
1147 929 1215 968 ubi
1248 938 1380 968 totum
1404 937 1565 967 terrenae

145 986 356 1042 potestatis
371 986 487 1026 robur
515 986 818 1027 dominabatur.
852 986 1025 1027 Romani
1059 989 1351 1041 Imperatores,
1370 987 1571 1039 'quorum

146 1045 288 1086 virtuti
321 1056 479 1086 tanturn
512 1045 618 1087 fama
650 1045 729 1100 ipsa
762 1045 984 1087 contulerat
1017 1076 1030 1097 ,
1064 1057 1108 1085 ut
1140 1044 1187 1086 ad
1220 1056 1451 1086 extremum
1487 1058 1568 1086 non

144 1104 313 1158 amplius
346 1104 449 1144 bello
482 1135 496 1156 ‚
537 1107 575 1146 8<
608 1105 726 1146 armis
752 1135 764 1157 ‚
798 1104 860 1144 sed
893 1104 971 1145 solo
1003 1104 1163 1144 nomine
1195 1104 1424 1159 perterritos
1465 1103 1572 1144 invi‘-

145 1161 226 1202 &os
247 1165 372 1216 Reges
405 1162 472 1203 fibi
505 1164 609 1204 ultro
641 1164 961 1217 obtemperantes
994 1162 1174 1203 viderent
1195 1194 1206 1214 ,
1241 1163 1293 1203 nil
1316 1167 1566 1203 intentatum

146 1221 389 1274 reliquerunt
419 1251 431 1273 ,
473 1235 552 1274 quo
584 1224 621 1263 S.
650 1221 754 1262 Petri
786 1221 1026 1262 cathedram
1060 1232 1285 1261 everterent
1319 1251 1333 1272 ,
1365 1223 1402 1262 δ(
1436 1232 1572 1262 exter·-

145 1279 346 1319 minarent
377 1309 389 1330 ,
420 1279 482 1319 sed
516 1279 594 1334 ipsa
626 1280 777 1320 civium
811 1279 965 1320 suorum
1000 1310 1013 1331 ,
1048 1279 1374 1333 summorumque
1408 1279 1572 1320 Pontifi-

147 1351 239 1378 cum
259 1336 442 1391 sanguine
461 1337 657 1392 conspersa
690 1337 738 1377 de
771 1338 857 1392 ipfis
889 1336 1096 1378 vie'toriam
1129 1338 1348 1392 reportavit
1369 1368 1382 1390 ,
1415 1339 1451 1379 8<
1474 1338 1569 1379 licet

146 1407 372 1450 oppugnata
398 1395 549 1449 semper
581 1395 729 1435 firmior
749 1425 761 1446 ‚
794 1408 914 1448 atque
945 1395 1183 1435 constantior
1212 1397 1329 1436 latius
1365 1409 1467 1435 verae
1490 1399 1571 1437 Re-

145 1454 299 1508 ligionis
331 1453 458 1494 lucem
479 1452 659 1505 diffudit,
692 1466 814 1507 quam
834 1452 999 1494 Caesares
1026 1453 1093 1508 ipsi
1127 1453 1367 1507 imperarent
1393 1482 1402 1493 .
1434 1453 1573 1495 Subla·

150 1524 194 1552 ta
225 1512 298 1563 vi,
332 1513 543 1553 teterrimae
577 1512 780 1553 I-Iaeresurn
800 1543 812 1564 ,
844 1514 881 1553 δε
915 1511 1185 1554 Schismatum
1219 1511 1392 1566 procellae
1430 1519 1570 1554 contra.

152 1571 253 1611 hanc
273 1569 542 1612 validiffimam
575 1570 751 1611 veritatis
772 1571 1038 1623 Columnam,
1070 1569 1118 1611 ad
1150 1584 1271 1624 quam
1305 1569 1463 1625 perfidia
1486 1572 1574 1612 nul-

157 1630 241 1670 lutn
275 1628 419 1669 habere
450 1628 574 1684 potest
605 1628 795 1670 accessum
827 1627 894 1682 (ι)
929 1629 1039 1669 irrito
1073 1629 1222 1684 prorsus
1266 1640 1411 1670 conatu
1453 1633 1576 1685 caput

150 1687 380 1729 extulerunt
414 1718 427 1740 ‚
458 1690 497 1729 8<
536 1699 735 1742 quotquot
776 1688 1016 1743 inposterum
1047 1702 1070 1728 a
1103 1688 1354 1728 tenebrarum
1389 1688 1572 1744 Principe

151 1746 374 1787 excitentur
393 1777 406 1798 ,
437 1747 617 1788 omnium
648 1747 724 1788 erit
757 1760 834 1788 una
865 1745 1059 1798 vietoria,
1092 1746 1132 1787 in
1165 1746 1338 1802 ipsosque
1358 1747 1566 1788 cathedrae

151 1804 277 1844 hostes
308 1805 493 1845 converso
525 1806 604 1847 telo
646 1805 693 1846 ad
736 1806 859 1858 majus
900 1806 1014 1860 ipsius
1059 1805 1361 1846 firmamentum
1407 1815 1568 1848 tantum'

151 1863 316 1902 afferent
336 1893 349 1914 ‚
382 1874 426 1903 ut
458 1864 661 1905 infallibile
692 1864 836 1905 Christi
870 1864 1100 1920 promissum
1134 1864 1181 1904 de
1215 1868 1399 1906 Romana
1422 1865 1569 1905 Cathe-

151 1919 219 1961 dra
253 1919 374 1973 usque
405 1921 453 1961 ad
484 1922 710 1964 saeculorum
741 1923 1130 1964 consummationem
1165 1924 1382 1979 impleatur
1401 1921 1463 1977 (2)
1482 1952 1492 1963 .
1561 1930 1563 1933 ’

270 1979 509 2021 Columnam
542 1982 650 2022 illam
673 1981 799 2022 Nubis
818 2012 830 2034 ,
865 1982 1032 2036 &Ignis
1063 1996 1153 2022 cum
1186 1996 1256 2037 pro
1287 1993 1395 2021 certo
1416 2011 1429 2032 ‚
1462 1987 1574 2023 comss‘

153 2048 348 2093 pertoque
390 2037 528 2092 singuli
567 2052 617 2078 ex
649 2040 820 2080 Hebraeo
854 2042 1002 2094 Populo
1041 2040 1230 2080 haberent
1264 2038 1452 2084 divinitus
1503 2040 1574 2083 fibi

158 2096 266 2137 fuisse
298 2096 513 2136 concessam
537 2127 550 2149 ‚
579 2108 623 2137 ut
653 2097 736 2149 ejus
774 2097 933 2151 vestigia
966 2098 1217 2151 sequerentur
1249 2129 1261 2149 ,
1294 2109 1493 2152 quotquot
1525 2099 1575 2140 ad

156 2154 419 2196 Promiffionifs
439 2158 608 2196 Terram
630 2185 642 2206 ,
678 2169 797 2209 quam
821 2170 938 2196 unam
969 2157 1008 2196 in
1032 2157 1133 2196 votis
1164 2156 1362 2197 habebant
1385 2188 1396 2209 ,
1427 2157 1574 2200 veilent

159 2213 363 2268 pervenire
390 2245 403 2267 ‚
441 2227 563 2256 nemo
601 2228 698 2255 unus
734 2228 784 2255 ex
814 2228 933 2270 prope
966 2214 1155 2256 immensa
1187 2215 1252 2257 illa
1283 2217 1409 2271 gentis
1439 2218 1575 2258 multi-

1474 2274 1575 2323 ludii

204 2358 252 2396 (ι)
276 2358 518 2403 S.Cyp.Ep.55.

205 2402 256 2442 (Ζ)
278 2403 321 2435 Et
335 2414 422 2447 portae
440 2404 537 2448 Inferi
555 2418 612 2441 non
628 2405 834 2451 pravalebunt
850 2406 1000 2449 adversus
1021 2419 1086 2446 eam
1103 2430 1113 2442 .
1135 2406 1346 2443 Mammas.
