1966 3032
553 965 557 967 -
600 937 711 976 Uum
737 933 828 974 illud
846 935 1103 977 certiffimum
1127 935 1173 974 fit
1191 965 1202 986 ‚
1236 937 1496 976 Bssmzssmffi
1519 938 1589 976 ΡΑ-

615 1006 696 1032 TER
717 1023 729 1044 ‚
762 1006 1025 1048 quaecumque
1058 995 1096 1035 in
1133 993 1256 1033 veteri
1279 996 1383 1047 Lege
1419 993 1589 1047 fierent3

340 1047 445 1092 '⁵212
490 1067 558 1111 1335}
613 1051 746 1091 omnia
779 1052 818 1092 in
856 1052 979 1108 figura
1015 1066 1149 1093 eorum
1176 1052 1409 1106 contigisse,
1444 1067 1528 1105 qua:
1551 1054 1591 1093 in

614 1122 714 1149 nova
746 1110 876 1151 futura
910 1124 1053 1163 erant,
1088 1122 1130 1150 ut
1163 1125 1266 1151 novo
1301 1111 1399 1151 inito
1436 1112 1586 1151 foedere

456 1170 465 1178 '
505 1161 555 1225 pis
614 1168 676 1208 lex
720 1180 885 1222 utraque
924 1169 1040 1210 fidem
1086 1170 1153 1210 fibi
1198 1169 1367 1209 invicem
1407 1170 1589 1210 concilia-

617 1237 703 1266 ret·
738 1228 886 1268 nemini
917 1227 1090 1284 profefflo
1123 1228 1286 1268 dubium
1320 1228 1393 1268 esse
1428 1228 1585 1282 potest,

617 1286 711 1337 quin
732 1285 812 1326 haee
845 1285 923 1340 ipsa
956 1287 1053 1328 Divi
1086 1287 1191 1327 Petri
1212 1286 1440 1338 cathedra,
1473 1287 1582 1338 cujus

185 1308 293 1379 Qlff
511 1349 517 1354 ’
546 1328 556 1341 ,
619 1344 839 1384 solemnitas
870 1344 1057 1385 hodierna
1097 1344 1157 1385 die
1207 1346 1350 1385 nedum
1396 1345 1444 1385 ab
1477 1347 1588 1388 Urbe

159 1406 298 1445 Roma
332 1437 344 1459 ,
378 1405 438 1445 sed
470 1405 518 1444 ab
550 1365 732 1442 universo
763 1402 976 1442 Catholico
1009 1403 1116 1445 Orbe
1163 1402 1444 1456 religiosissime
1486 1405 1592 1444 cele-

157 1462 327 1515 bratur,
365 1460 670 1516 praestantiffimo
702 1460 836 1513 aliquo
868 1459 1018 1501 ostento
1052 1461 1091 1503 in
1132 1460 1197 1501 illa
1237 1461 1354 1500 fuerit
1399 1475 1592 1515 praemon-

158 1520 276 1562 strata
311 1551 321 1562 .
357 1524 508 1562 Verum
553 1519 655 1559 inter
694 1529 850 1558 caeteras
892 1519 1084 1574 imagines
1124 1549 1136 1570 ,
1169 1519 1310 1570 quibus
1343 1519 1591 1561 Sacrosanffla

160 1579 244 1620 haec
265 1579 465 1621 Cathedra
495 1578 624 1633 potuit
659 1576 902 1632 praesignari,
936 1579 1040 1619 nulla
1066 1576 1238 1633 profe&
1272 1578 1345 1618 alia
1379 1579 1588 1633 augustiffiss

161 1652 236 1679 mae
269 1637 358 1681 Sedi
390 1637 534 1680 Christi
569 1637 607 1677 in
640 1636 751 1676 terris
787 1637 931 1677 Vicarii
966 1636 1028 1677 seu
1060 1637 1254 1691 dignitate
1276 1668 1286 1688 ‚
1321 1637 1400 1677 five
1434 1638 1584 1679 virtute

162 1697 290 1751 magis
310 1697 518 1738 convenire
537 1694 693 1736 videtur
708 1725 721 1746 ,
754 1708 873 1748 quam
896 1696 1096 1736 Columna
1117 1696 1182 1736 illa
1204 1696 1330 1736 Nubis
1354 1726 1366 1748 ‚
1398 1698 1435 1737 8<
1457 1697 1591 1751 Ignis,

161 1769 249 1808 quae
281 1768 332 1797 ex
367 1758 443 1799 AEo
422 1767 547 1811 Cypro
589 1753 751 1794 exeunti
794 1753 966 1795 Haebreo
1011 1755 1163 1809 Populo
1205 1754 1260 1795 ita
1305 1754 1494 1795 divinitus
1525 1755 1591 1795 ad-

164 1813 242 1854 fuit
271 1845 284 1866 ‚
317 1826 360 1855 ut
405 1828 496 1855 eum
532 1826 600 1868 per
633 1811 871 1868 profundum
907 1827 1040 1867 aequor
1073 1844 1084 1865 ,
1119 1826 1264 1868 perque
1310 1812 1355 1853 de
1361 1813 1457 1854 serta
1491 1846 1503 1866 ,
1549 1816 1589 1854 8<

167 1873 281 1927 plena
316 1873 575 1927 periculorum
610 1871 692 1912 loca
725 1870 770 1910 ad
795 1872 1055 1913 Promiffionis
1074 1875 1241 1914 Terram
1276 1872 1489 1912 feliciffime
1510 1884 1589 1912 tra-

167 1930 330 1971 duxerit
350 1960 359 1971 .
391 1931 665 1986 Quamobrem
700 1929 722 1969 fi
757 1929 875 1985 figura
895 1962 907 1983 ‚
941 1931 1154 1985 quantavis
1186 1931 1422 1971 excellentia
1454 1930 1590 1985 praedi·

170 2000 210 2029 ta
230 2020 243 2040 ‚
276 1989 392 2043 longe
412 2001 545 2029 tamen
569 2000 782 2043 prototypo
804 1989 884 2043 ipso
907 1991 1036 2031 minor
1067 1989 1246 2029 aestimari
1278 1988 1392 2028 debet
1411 2019 1423 2041 ‚
1456 2003 1586 2042 quum.

171 2047 229 2088 illi
263 2048 385 2088 etiam
419 2061 497 2088 non
530 2046 635 2087 secus
667 2060 712 2086 ac
747 2049 883 2088 umbra
917 2049 1106 2102 corpori,
1140 2046 1411 2101 splendorem,
1443 2061 1487 2088 ac
1513 2049 1589 2088 cla-

172 2106 338 2147 ritatem
371 2105 510 2146 addere
546 2104 725 2145 videatur
754 2119 763 2144 :
805 2119 888 2145 rem
922 2120 999 2146 non
1033 2106 1234 2160 indignam
1271 2104 1457 2147 hodierna
1487 2107 1588 2147 cele*

171 2164 315 2206 britate
350 2179 413 2205 me
444 2163 641 2205 saetarum
674 2162 883 2204 arbitratus
914 2164 996 2204 surn
1020 2195 1031 2216 ,
1065 2164 1090 2204 s1
1123 2163 1170 2204 ab
1203 2163 1425 2218 hujusmodi
1460 2165 1586 2220 figura.

173 2237 269 2262 mea:
310 2223 539 2264 laudationis
570 2222 766 2262 sumerem
797 2235 1077 2278 argumentum
1102 2254 1114 2275 ‚
1161 2235 1287 2275 neque
1315 2223 1472 2265 aliunde
1506 2226 1585 2265 Ro-

175 2295 332 2322 manam
374 2286 410 2325 S.
440 2282 544 2322 Petri
584 2281 825 2323 Cathedrarn
858 2312 870 2348 .’
911 2296 1029 2347 quam
1063 2297 1084 2322 a
1119 2281 1282 2323 mirifica
1326 2283 1391 2323 illa
1432 2282 1587 2337 antiqui

182 2340 352 2382 foederis
386 2341 582 2384 Columna
613 2355 687 2396 pro
720 2340 868 2397 ingenii
900 2342 1094 2383 tenuitate
1127 2340 1479 2384 commendarem.

1448 2399 1586 2443 Fraffla
